@misc{mal_eng,
  title = {Udacity Machine Learning Engineer Nanodegree},
  howpublished = {https://www.udacity.com/course/machine-learning-engineer-nanodegree--nd009t}
}
@article{animal_rec,
  author = {Trnovszky, Tibor and Kamencay, Patrik and Orje≈°ek, Richard and Benco, Miroslav and Sykora, Peter},
  year = {2017},
  month = {10},
  title = {Animal Recognition System Based on Convolutional Neural Network},
  volume = {15},
  journal = {Advances in Electrical and Electronic Engineering}
}
@misc{lfw,
  title = {Labeled Face in the WIld},
  howpublished = {http://vis-www.cs.umass.edu/lfw}
}
@article{vgg,
  author = {Simonyan, Karen and Zisserman, Andrew},
  year = {2014},
  month = {09},
  title = {Very Deep Convolutional Networks for Large-Scale Image Recognition},
  journal = {arXiv 1409.1556}
}
@article{resnet,
  author={K. {He} and X. {Zhang} and S. {Ren} and J. {Sun}},
  booktitle={2016 IEEE Conference on Computer Vision and Pattern Recognition (CVPR)},
  title={Deep Residual Learning for Image Recognition},
  year={2016},
  pages={770-778},
  ISSN={1063-6919},
  month={June}
}
@article{haar_cascade,
   author = {Paul Viola and Michael Jones},
   title = {Rapid object detection using a boosted cascade of simple features},
   year = {2001},
   pages = {511--518}
}
@misc{metrics,
  title = {Performance Metrics for Classification problems in Machine Learning},
  howpublished = {https://medium.com/thalus-ai/performance-metrics-for-classification-problems-in-machine-learning-part-i-b085d432082b}
}
@misc{opencv,
  title = {Cascade Classifier},
  howpublished = {https://docs.opencv.org/}
}
